@misc{libra_whitepaper,
    author = "{Libra Association}",
    title = {Libra White Paper},
    howpublished = {Available: \url{https://libra.org/en-US/white-paper/}. 
    [Accessed: 01-May-2020]}
}

@article{venezuela_btc,
    issn = {2379-5980},
    journal = {Ledger (Pittsburgh, Pa.)},
    volume = {4},
    publisher = {University Library System, University of Pittsburgh},
    year = {2019},
    title = {Bitcoin and Venezuela's Unofficial Exchange Rate},
    language = {eng},
    author = {Jackie Johnson},
    url = {https://doaj.org/article/3f541f8436c845ef8fd926cceb45b87b},
}

@misc{libra_validator_node,
    author = "{Libra Association}",
    title = {Libra Protocol: Key Concepts},
    howpublished = {Available: \url{https://developers.libra.org/docs/libra-protocol}. 
    [Accessed: 03-June-2020]}
}

@misc{libra_vision,
    author = "{Libra Association}",
    title = {The Libra project is for the world},
    howpublished = {Available: \url{https://libra.org/en-US/vision/}. 
    [Accessed: 06-June-2020]}
}

@misc{libra_full_nodes,
    author = "{Libra Engineering Team}",
    title = {Full node basics: An introduction to full nodes in the Libra network},
    howpublished = {Available: \url{https://libra.org/es-LA/blog/full-node-basics/}. 
    [Accessed: 05-Feb-2020]}
}

@article{prewett_2020,
    issn = {1044-8136},
    journal = {Journal of Corporate Accounting \& Finance},
    pages = {21--28},
    volume = {31},
    publisher = {John Wiley & Sons, Inc.},
    number = {2},
    year = {2020},
    title = {Blockchain adoption is inevitable—Barriers and risks remain},
    address = {Hoboken, USA},
    author = {Prewett, Kyleen W. and Prescott, Gregory L. and Phillips, Kirk},
}

@misc{venezuela_btc2,
    author = "{R. Sharma}",
    title = {Hyperinflation Produces Surge In Bitcoin Trading In Venezuela},
    howpublished = {Available: \url{https://www.investopedia.com/news/hyperinflation-produces-surge-bitcoin-trading-venezuela/}. 
    [Accessed: 01-June-2020]}
}

@article{blockchain_LV,
    journal = {ICT Monitor Worldwide},
    publisher = {SyndiGate Media Inc.},
    year = {2019},
    title = {Louis Vuitton and Microsoft are building a blockchain project},
}

@article{rirsh_tomanek,
    issn = {1750-1806},
    journal = {Journal of Payments Strategy \& Systems},
    pages = {255--267},
    volume = {13},
    number = {3},
    year = {2019},
    title = {Facebook's Libra: A case for capital markets supervision?},
    language = {eng},
    author = {Rirsch, Ralph and Tomanek, Stefan},
}

@article{petrou_20,
    issn = {21623198},
    journal = {American Banker Magazine},
    pages = {20--20},
    volume = {129},
    publisher = {SourceMedia},
    number = {8},
    year = {2019},
    title = {The threat posed by Facebook's Libra},
    language = {eng},
    address = {New York},
    author = {Petrou, Karen},
    url = {http://search.proquest.com/docview/2272758186/},
}

@article{taskinsoy,
    issn = {21490996},
    journal = {Journal of Accounting, Finance and Auditing Studies},
    pages = {67--86},
    volume = {5},
    publisher = {Yalova University, Faculty of Economics and Administrative Sciences},
    number = {4},
    year = {2019},
    title = {This Time is Different: Facebook's Libra Can Improve Both Financial Inclusion and Global Financial Stability as a Viable Alternative Currency to the U.S. Dollar},
    language = {eng},
    address = {Yalova},
    author = {Taskinsoy, John},
    url = {http://search.proquest.com/docview/2305779319/},
}

@article{blockchain_healthcare,
    issn = {1941-7713},
    journal = {Circulation: Cardiovascular Quality and Outcomes},
    pages = {e003800--e003800},
    volume = {10},
    publisher = {© 2017 American Heart Association, Inc.},
    number = {9},
    year = {2017},
    title = {Blockchain Technology: Applications in Health Care},
    author = {Angraal, M., Suveen and Krumholz, L., Harlan and Schulz, L., Wade},
}

@article{blockchain_healthcare2,
    issn = {2154-2287},
    journal = {IEEE Pulse},
    pages = {4--7},
    volume = {9},
    publisher = {IEEE},
    number = {3},
    year = {2018},
    title = {(Block) Chain Reaction: A Blockchain Revolution Sweeps into Health Care, Offering the Possibility for a Much-Needed Data Solution},
    language = {eng},
    author = {Mertz, Leslie},
}

@misc{facebook_stats,
    author = "{J. Clement}",
    title = {Number of monthly active Facebook users worldwide as of 1st quarter 2020},
    howpublished = {Available: \url{https://www.statista.com/statistics/264810/number-of-monthly-active-facebook-users-worldwide/}. 
    [Accessed: 17-June-2020]}
}

@misc{libra_path_forward,
    author = "{Libra Engineering Team}",
    title = {Libra: The path forward},
    howpublished = {Available: \url{https://libra.org/en-US/blog/the-path-forward/}. 
    [Accessed: 02-July-2019]}
}

@misc{libra_assocation,
    author = "{Libra Assocation}",
    title = {The Libra Association},
    howpublished = {Available: \url{https://libra.org/en-US/association/}. 
    [Accessed: 03-July-2019]}
}

@article{hotstuff,
    year = {2019},
    title = "{HotStuff: BFT Consensus in the Lens of Blockchain}",
    author = {Yin, Maofan and Malkhi, Dahlia and Reiter, Michael K. and Gueta,
    Guy Golan and Abraham, Ittai},
}

@article{libra_technical_paper,
    year = {2019},
    title = "{The Libra Blockchain}",
    author = "{Z. Amsden et al.}"
}

@article{libra_move,
    year = {2019},
    title = "{Move: A Language With Programmable Resources}",
    author = "{S. Blackshear et al.}"
}

@article{libra_smr,
    year = {2020},
    title = "{State Machine Replication in the Libra Blockchain}",
    author = "{The LibraBFT Team}",
}

@article{rep_source,
    author = "{Libra Assocation}",
    title = {The Libra Association},
    howpublished = {Available: \url{https://github.com/libra/libra/blob/4d32af5428c8ab6e18d03d9e484e4f4c3bf30e66/consensus/src/liveness/leader_reputation.rs},
    [Accessed: 04-June-2020]}
}

@article{project_proposal,
    year = {2019},
    title = "{Thesis Project Proposal: Technical Analysis of the Libra Blockchain}",
    author = "{Cameron Harder-Hutton}",
}

@misc{vitalik,
    author = {Vitalik Buterin},
    title = "{Ethereum Whitepaper}",
    howpublished = {Available: \url{https://ethereum.org/whitepaper/}. 
    [Accessed: 02-July-2019]}
}

@misc{satoshi,
    author = {Satoshi Nakamoto},
    title = "{Bitcoin: A Peer-to-Peer Electronic Cash System}",
    howpublished = {Available: \url{http://bitcoin.org/bitcoin.pdf}. 
    [Accessed: 01-July-2019]}
}

@misc{grpc_detail,
    author = {Kristopher Sandoval},
    title = "{When to Use What: REST, GraphQL, Webhooks, \& gRPC}",
    howpublished = {Available: \url{https://nordicapis.com/when-to-use-what-rest-graphql-webhooks-grpc/}. 
    [Accessed: 05-Feb-2020]}
}

@misc{grpc,
    title = "{The gRPC project}",
    howpublished = {Available: \url{https://grpc.io/about/}. 
    [Accessed: 04-July-2019]}
}

@misc{libra_github,
    title = "{The Libra project}",
    howpublished = {Available: \url{https://github.com/libra/libra}. 
    [Accessed: 04-July-2019]}
}

@misc{librabrowser,
    title = "{The LibraBrowser project}",
    howpublished = {Available: \url{https://librabrowser.io/}. 
    [Accessed: 06-July-2019]}
}

@misc{mol,
    title = "{The MoveOnLibra project}",
    howpublished = {Available: \url{https://explorer.moveonlibra.com/}. 
    [Accessed: 06-July-2019]}
}

@misc{etherscan,
    title = "{The EtherScan project}",
    howpublished = {Available: \url{https://etherscan.io/}. 
    [Accessed: 6-July-2019]}
}

@misc{blockchain_dotcom,
    title = "{The Blockchain.com Explorer project}",
    howpublished = {Available: \url{https://www.blockchain.com/explorer}. 
    [Accessed: 06-July-2019]}
}


@misc{mol_explorer,
    title = "{The MOL LibraExplorer project}",
    howpublished = {Available: \url{https://github.com/MoveOnLibra/LibraExplorer}. 
    [Accessed: 04-June-2020]}
}

@misc{yuan_libra_grpc,
    title = "{The LibraClient gRPC project}",
    howpublished = {Available: \url{https://github.com/yuan-xy/libra-client-grpc}. 
    [Accessed: 04-June-2020]}
}

@misc{yuan_libra_client,
    title = "{The LibraClient project}",
    howpublished = {Available: \url{https://github.com/yuan-xy/libra-client}. 
    [Accessed: 04-June-2020]}
}

@misc{libexplorer,
    title = "{The LibExporer project}",
    howpublished = {Available: \url{https://libexplorer.com/}. 
    [Accessed: 04-June-2020]}
}

@misc{rocksdb,
    title = "{The RocksDB project}",
    howpublished = {Available: \url{https://rocksdb.org/}. 
    [Accessed: 04-June-2020]}
}

@misc{nosql_advantages,
    author = "{MongoDB Inc}",
    title = "{Advantages of NoSQL}",
    howpublished = {Available: \url{https://www.mongodb.com/scale/advantages-of-nosql}. 
    [Accessed: 04-June-2020]}
}

@misc{libra_storage,
    author = "{Libra Association}",
    title = "{Libra Codebase - Storage}",
    howpublished = {Available: \url{https://developers.libra.org/docs/crates/storage}. 
    [Accessed: 04-June-2020]}
}

@misc{libra_jsonrpc,
    author = "{Libra Association}",
    title = "{New JSON-RPC Libra client API: The gRPC API is being deprecated}",
    howpublished = {Available: \url{https://libra.org/en-US/blog/new-json-rpc/}. 
    [Accessed: 15-May-2020]}
}

@misc{libra_jsonrpc_spec,
    author = "{Libra Association}",
    title = "{JSON-RPC Specification}",
    howpublished = {Available: \url{https://github.com/libra/libra/blob/master/json-rpc/json-rpc-spec.md}. 
    [Accessed: 15-May-2020]}
}

@misc{libra_lcs,
    author = {Wolinsky, David},
    title = "{Moving Toward RawTransactions Serialized in Canonical Format}",
    howpublished = {Available: \url{https://community.libra.org/t/moving-toward-rawtransactions-serialized-in-canonical-format/1561}. 
    [Accessed: 21-Sep-2019]}
}

@misc{libra_association_member,
    author = "{Libra Association}",
    title = "{How to Become a Founding Member}",
    howpublished = {Available: \url{https://libra.org/en-US/wp-content/uploads/.sites/23/2019/06/HowtoBecomeaFoundingMember_en_US-2.pdf}. 
    [Accessed: 01-July-2019]}
}

@misc{isaac_popper_2019,
    title={Facebook Plans Global Financial System Based on Cryptocurrency},
    url={https://www.nytimes.com/2019/06/18/technology/facebook-cryptocurrency-libra.html?action=click&module=Top%20Stories&pgtype=Homepage},
    journal={The New York Times},
    author={Isaac, Mike and Popper, Nathaniel},
    year={2019}
}

@misc{verge_libra_shift,
    title={Facebook is shifting its libra cryptourrency plans after intense regulatory pressure},
    url={https://www.theverge.com/2020/3/3/21163658/facebook-libra-cryptocurrency-token-ditching-plans-calibra-wallet-delay},
    journal={The Verge},
    author={Statt, Nick},
    year={2020}
}

@article{eth_crawler,
    issn = {2331-8422},
    journal = {arXiv.org},
    publisher = {Cornell University Library, arXiv.org},
    year = {2016},
    title = {New kids on the block: an analysis of modern blockchains},
    language = {eng},
    address = {Ithaca},
    author = {Anderson, Luke and Holz, Ralph and Ponomarev, Alexander and Rimba, Paul and Weber, Ingo},
    url = {http://search.proquest.com/docview/2079615829/},
}

@article{ripple_crawler,
    issn = {2299-0984},
    journal = {Proceedings on Privacy Enhancing Technologies},
    pages = {436--453},
    volume = {2016},
    publisher = {Sciendo},
    number = {4},
    year = {2016},
    title = {Listening to Whispers of Ripple: Linking Wallets and Deanonymizing Transactions in the Ripple Network},
    language = {eng},
    author = {Moreno-Sanchez Pedro and Zafar Muhammad Bilal and Kate Aniket},
    url = {https://doaj.org/article/952f0dd39df94a01aa141696d26f08c3},
}

@article{hyperledger_analysis,
    issn = {1939-0114},
    journal = {Security and Communication Networks},
    volume = {2018},
    publisher = {Hindawi},
    year = {2018},
    title = {Performance Analysis of Hyperledger Fabric Platforms},
    author = {Nasir, Qassim and Qasse, Ilham A. and Abu Talib, Manar and Nassif, Ali Bou},
}

@article{nosql_2,
    issn = {00010782},
    journal = {Communications of the ACM},
    pages = {10--11},
    volume = {53},
    publisher = {ACM},
    number = {4},
    year = {2010},
    title = {SQL databases v. NoSQL databases},
    language = {eng},
    author = {Stonebraker, Michael},
}

@article{blockchain,
    title={Blockchain},
    volume={59},
    DOI={10.1007/s12599-017-0467-3},
    number={3},
    journal={Business \& Information Systems Engineering},
    author={Nofer, Michael and Gomber, Peter and Hinz, Oliver and Schiereck, Dirk},
    year={2017},
    pages={183-187}
}
